<?xml version="1.0" encoding="UTF-8"?><collection xmlns="http://www.loc.gov/MARC21/slim"><record><leader>00480nam--2200133-i-4500</leader><controlfield tag="001">000014398</controlfield><controlfield tag="002">20161230</controlfield><controlfield tag="005">20161230201030</controlfield><controlfield tag="008">060222s1000------------r-----000-0-eng-d</controlfield><datafield ind1=" " ind2=" " tag="080"><subfield code="a">621.383.5(043)</subfield></datafield><datafield ind1=" " ind2=" " tag="100"><subfield code="a">Basset, Regine</subfield></datafield><datafield ind1=" " ind2=" " tag="245"><subfield code="a">Fonctionnement photovoltaique de diodes schottky sur silicium amorphe hydrogene et cristallin (aplication a la caracteisation du silicium amorphe). these</subfield></datafield><datafield ind1=" " ind2=" " tag="260"><subfield code="a">Grenoble, Institut National Polytechnique, 1980 Viii + 130 P</subfield></datafield><datafield ind1=" " ind2=" " tag="852"><subfield code="a">71041</subfield></datafield></record></collection>